@book{AntonioCarlosGil,
	author = {Antonio Carlos Gil},
	pages = {40--56},
	publisher = {Editora Atlas S.A.},
	title = {Como Elaborar Projetos de Pesquisa},
	year = {1987}
}

@article{OgreenI,
	author = {I Ogren},
	title = {On principles for model based systems engineering},
	journaltitle = {Systems Engineering Journal},
	date = {2000}
}

@online{SE2MBSE,
	organization = {SE^2 MBSE Challenge Team}
	author = {SE^2 MBSE Challenge Team},
	title = {Telescope Systems Modeling},
	date = {2014},
	url = {http://mbse.gfse.de}
}

@article{KarbanR,
	author = {Karban, R.},
	title = {MBSE in Telescope Modeling},
}

@article{MitchelStevenW,
	author = {Mitchel Steven, W.},
	title = {Model-Based System Development for Managing the Evolution of a Common Submarine Combat System},
}

@article{MitchelStevenW,
	author = {Jeff A. Estefan},
	title = {Survey of Model-Based Systems Engineering (MBSE) Methodologies},
}

@article{EngSisUFMG,
	author = {UFMG},
	editor = {UFMG},
	organization = {Universidade Federal de Minas Gerais},
	subtitle = {O que é engenharia de sistemas?},
	title = {Site de Engeharia de Sistemas da UFMG},
	date = {2014},
	url = {http://sistemas.eng.ufmg.br/sistemas.php}
}

@article{INCOSE200402,
	author = {INCOSE},
	organization = {International Council of Systems Engineering},
	title = {INCOSE-TP-2004-004-02},
	date = {Sep 2007},
	version = {2.03}
}

@book{TatianaEng,
	author = {Tatiana Engel Gerhart, Denise Tolfo Silveira},
	pages = {32--35},
	publisher = {Editora UFRGS},
	title = {Métodos de Pesquisa},
	year = {2009}
}

@article{IEEE61012,
	author = {IEEE},
	editor = {IEEE},
	organization = {Institute of Electrical and Electronics Engineers},
	number = {610.12},
	date = {1990}
}

@article{IEEE1471,
	author = {IEEE},
	editor = {IEEE},
	organization = {Institute of Electrical and Electronics Engineers},
	number = {1471},
	date = {2000}
}


